
@online{ref:autoLevel,
  title   = "U.S. Department of Transportation Releases Policy on Automated Vehicle Development",
  note    = "http://www.nhtsa.gov/About+NHTSA/Press+Releases/U.S.+Department+of+Transportation+Releases+Policy+on+Automated+Vehicle+Development
             (current May.\ 2016)",
  year      = "2013",
}


@online{ref:GpuCpuComp,
  author  = "Sangjin Han",
  title   = "On Fair Comparison between CPU and GPU",
  note    = "http://www.eecs.berkeley.edu/~sangjin/2013/02/12/CPU-GPU-comparison.html
             (current May.\ 2016)",
  year      = "2013",
}

@online{ref:TEGRA,
  title   = "TEGRA",
  note    = "http://www.nvidia.com/object/tegra-x1-processor.html
             (current May.\ 2016)",
}

@online{ref:visionWorks,
  organization = {NVIDIA Corporation},
  title   = "VisionWorks",
  note    = "\url{https://developer.nvidia.com/embedded/visionworks}
             (current May.\ 2016)",
}

@online{ref:aboutRos,
  title   = "About ROS",
  note    = "\url{http://www.ros.org/about-ros/}
             (current May.\ 2016)",
}

@online{ref:libav,
  title   = "Libav",
  note    = "\url{https://github.com/libav/libav/}
             (current May.\ 2016)",
}

@online{ref:compimage,
  title   = "Video Compression Basics",
  year    = "August 22, 2012",
  author  = "Tommy Penner",
  note    = "\url{https://vimeo.com/blog/post/video-compression-basics}
             (current May.\ 2016)",
}

@manual{ref:rosNodelet,
  title   = "Nodelet",
  note    = "\url{http://wiki.ros.org/nodelet}
             (current May.\ 2016)",
}

@manual{ref:openCV4Tegra,
  organization = {NVIDIA Corporation},
  title   = "OpenCV for Tegra",
  note    = "\url{http://docs.nvidia.com/gameworks/index.html#technologies/mobile/opencv_intro.htm}
             (current May.\ 2016)",
}

@manual{ref:frameBuff,
  title   = "Framebuffer",
  year = "2015",
  note    = "\url{https://www.opengl.org/wiki/Framebuffer}
             (current May.\ 2016)",
}

@book{ref:NNBook,
author = "D. Baughman and Y. Liu",
title = "Neural Networks in Bioprocessing and Chemical Engineering",
publisher = "Academic Press",
year = "Jun 28, 2014",
note = "\url{https://books.google.com/books?id=xfnSAwAAQBAJ&pg=PA379&lpg=PA379&dq=neural+network+effectiveness+outside+of+training+set&source=bl&ots=V7MWnIs1g0&sig=Zy2f_DkWeR3hUFEJZsuAgKamAes&hl=en&sa=X&ved=0ahUKEwiIqeyJ4aXMAhUquoMKHXcECQwQ6AEIKzAC#v=onepage&q=neural%20network%20effectiveness%20outside%20of%20training%20set&f=false} (current May.\ 2016)"
}


@misc{ref:reflectionImage,
  title   = "Windshield Replacement",
  note    = "\url{http://budclarybodyshop.com/auto-body-services-longview/windshield-replacement-in-longview/}
             (current May.\ 2016)",
}

@misc{ref:rosNodeletNode,
  title   = "Comparison of MIRA and ROS",
  note    = "\url{http://www.mira-project.org/MIRA-doc/ComparisonWithROSPage.html}
             (current May.\ 2016)",
}


@ARTICLE{2016arXiv160407316B,
   author = {{Bojarski}, M. and {Del Testa}, D. and {Dworakowski}, D. and 
  {Firner}, B. and {Flepp}, B. and {Goyal}, P. and {Jackel}, L.~D. and 
  {Monfort}, M. and {Muller}, U. and {Zhang}, J. and {Zhang}, X. and 
  {Zhao}, J. and {Zieba}, K.},
    title = "{End to End Learning for Self-Driving Cars}",
  journal = {ArXiv e-prints},
archivePrefix = "arXiv",
   eprint = {1604.07316},
 primaryClass = "cs.CV",
 keywords = {Computer Science - Computer Vision and Pattern Recognition, Computer Science - Learning, Computer Science - Neural and Evolutionary Computing},
     year = 2016,
    month = apr,
   adsurl = {http://adsabs.harvard.edu/abs/2016arXiv160407316B},
  adsnote = {Provided by the SAO/NASA Astrophysics Data System}
}

